@electronic{iamcv_dataset,
doi = {10.21227/d1g3-c160},
url = {https://dx.doi.org/10.21227/d1g3-c160},
author = {Certad, Novel and Del Re, Enrico and Aghanouri, Amirhesam and Gankhuyag, Delgermaa and Morales-Alvarez, Walter and Tschernuth, Sebastian and Del Re, Luigi and Olaverri-Monreal, Cristina},
organization = {{IEEE Dataport}},
title = {{IAMCV Interaction of Autonomous and Manually Controlled Vehicles}},
year = {2023} 
}


@InProceedings{its-vehicle,
	author="Certad,  Novel and Morales-Alvarez, Walter and Novotny,  Georg and Olaverri-Monreal,  Cristina",
	editor="Moreno-D{\'i}az, Roberto
	and Pichler, Franz
	and Quesada-Arencibia, Alexis",
	title="{{JKU-ITS} Automobile for Research on
	Autonomous Vehicles}",
	booktitle="Computer Aided Systems Theory -- EUROCAST 2022",
	year="2023",
	publisher="Springer International Publishing",
	address="Cham",
	pages="3--10",
	abstract="",
	isbn="978-3-031-25311-9"}

@INPROCEEDINGS{certad2022,
  author={Certad, Novel and Morales-Alvarez, Walter and Olaverri-Monreal, Cristina},
  booktitle={2022 IEEE International Conference on Vehicular Electronics and Safety (ICVES)}, 
  title={Road Markings Segmentation from LIDAR Point Clouds using Reflectivity Information}, 
  year={2022},
  volume={},
  number={},
  pages={1-6},
  keywords={Reflectivity;Point cloud compression;Vehicular and wireless technologies;Laser radar;Roads;Clustering algorithms;Cameras},
  doi={10.1109/ICVES56941.2022.9986939}}

@INPROCEEDINGS{certad2023,
  author={Certad, Novel and Tschernuth, Sebastian and Olaverri-Monreal, Cristina},
  booktitle={2023 IEEE 26th International Conference on Intelligent Transportation Systems (ITSC)}, 
  title={Extraction of Road Users' Behavior from Realistic Data According to Assumptions in Safety-Related Models for Automated Driving Systems}, 
  year={2023},
  volume={},
  number={},
  pages={2145-2150},
  keywords={Roads;Kinematics;Behavioral sciences;Safety;Numerical models;Data mining;Testing},
  doi={10.1109/ITSC57777.2023.10422421}}

  @ARTICLE{dora,
  author={Tkachenko, Pavlo and Certad, Novel and Singer, Gunda and Olaverri-Monreal, Cristina and Del Re, Luigi},
  journal={IEEE Access}, 
  title={The JKU DORA Traffic Dataset}, 
  year={2022},
  volume={10},
  number={},
  pages={92673-92680},
  keywords={Drones;Videos;Road traffic;Recording;Sensors;Traffic control;Automobiles;Dataset;drone data;highway entrances/exits;traffic},
  doi={10.1109/ACCESS.2022.3203188}}


@INPROCEEDINGS{morales2022,
  author={Morales-Alvarez, Walter and Certad, Novel and Tadjine, Hadj. Hamma and Olaverri-Monreal, Cristina},
  booktitle={2022 IEEE Intelligent Vehicles Symposium (IV)}, 
  title={Automated Driving Systems: Impact of Haptic Guidance on Driving Performance after a Take Over Request}, 
  year={2022},
  volume={},
  number={},
  pages={1817-1823},
  keywords={Automation;Intelligent vehicles;Force;Wheels;Road safety;Haptic interfaces;Task analysis},
  doi={10.1109/IV51971.2022.9827419}}


@INPROCEEDINGS{morales2023,
  author={Morales-Alvarez, Walter and Certad, Novel and Roitberg, Alina and Stiefelhagen, Rainer and Olaverri-Monreal, Cristina},
  booktitle={2023 IEEE 26th International Conference on Intelligent Transportation Systems (ITSC)}, 
  title={On Transferability of Driver Observation Models from Simulated to Real Environments in Autonomous Cars}, 
  year={2023},
  volume={},
  number={},
  pages={3129-3134},
  keywords={Training;Solid modeling;Protocols;Data models;Automobiles;Autonomous vehicles;Vehicles},
  doi={10.1109/ITSC57777.2023.10422678}}


@ARTICLE{iamcv_paper,
  author={Certad, Novel and del Re, Enrico and Korndörfer, Helena and Schröder, Gregory and Morales-Alvarez, Walter and Tschernuth, Sebastian and Gankhuyag, Delgermaa and del Re, Luigi and Olaverri-Monreal, Cristina},
  journal={IEEE Intelligent Transportation Systems Magazine}, 
  title={Interaction of Autonomous and Manually Controlled Vehicles Multiscenario Vehicle Interaction Dataset}, 
  year={2024},
  volume={16},
  number={4},
  pages={6-20},
  keywords={Laser radar;Cameras;Road traffic;Trajectory;Autonomous vehicles;Data acquisition;Recording;Advanced driver assistance systems;Interactive systems;Automobiles},
  doi={10.1109/MITS.2024.3378114}}




@INPROCEEDINGS{certad2024irf,
	title={Inadequate contrast ratio of road markings as an indicator for ADAS failure}, 
	author={Novel Certad and Cristina Olaverri-Monreal and Friedrich Wiesinger and Tomasz E. Burghardt},
	booktitle={IRF World Congress 2024}, 
	year={2024},
	eprint={2410.13320},
	archivePrefix={arXiv},
	primaryClass={cs.CV},
	url={https://arxiv.org/abs/2410.13320}, 
}



@ARTICLE{certad2025swarco,
  author={Novel Certad and Tomasz E. Burghardt and Walter Morales-Alvarez and Friedrich Wiesinger and Cristina Olaverri-Monreal},
  journal={IEEE Intelligent Transportation Systems Magazine}, 
  title={Analysis and quantification of {ADAS} failures under diverse lighting conditions}, 
  year={2025},
  volume={},
  number={},
  pages={},
  keywords={},
  note={(Submitted)},
  doi={}}





@INPROCEEDINGS{delre2025,
  author={Del Re, Enrico and Certad, Novel and Varughese, Joshua and Olaverri-Monreal, Cristina},
  booktitle={2025 IEEE Intelligent Vehicles Symposium (IV)}, 
  title={Evaluating Pedestrian Risks in Shared Spaces Through Autonomous Vehicle Experiments on a Fixed Track}, 
  year={2025},
  volume={},
  number={},
  pages={},
  keywords={},
  note={(Submitted)},
  doi={}}

@INPROCEEDINGS{certad2025,
  author={Certad, Novel and Del Re, Enrico and Varughese, Joshua and Olaverri-Monreal, Cristina},
  booktitle={2025 IEEE Intelligent Vehicles Symposium (IV)}, 
  title={V2P Collision Warnings for Distracted Pedestrians: A Comparative Study with Traditional Auditory Alerts}, 
  year={2025},
  volume={},
  number={},
  pages={},
  keywords={},
    note={(Submitted)},
  doi={}}